<?xml version="1.0" encoding="UTF-8"?><record xmlns="http://www.loc.gov/MARC21/slim" xmlns:cinclude="http://apache.org/cocoon/include/1.0" xmlns:zs="http://www.loc.gov/zing/srw/">
  <leader>00405nz  a2200121n  4500</leader>
  <controlfield tag="001">n  93060209 </controlfield>
  <controlfield tag="003">DLC</controlfield>
  <controlfield tag="005">19930624132138.5</controlfield>
  <controlfield tag="008">930624n| acannaab|          |n aaa |||  </controlfield>
  <datafield tag="010" ind1=" " ind2=" ">
    <subfield code="a">n  93060209 </subfield>
  </datafield>
  <datafield tag="040" ind1=" " ind2=" ">
    <subfield code="a">DLC</subfield>
    <subfield code="c">DLC</subfield>
  </datafield>
  <datafield tag="100" ind1="1" ind2="0">
    <subfield code="a">Goormann, Hans Werner,</subfield>
    <subfield code="d">1959-</subfield>
  </datafield>
  <datafield tag="670" ind1=" " ind2=" ">
    <subfield code="a">His Die Auslandsmarktbearbeitung im europaĚischen Binnenhandel, 1992:</subfield>
    <subfield code="b">t.p. (Hans Werner Goormann) p. 4 of cover (b. 1959 in DuĚsseldorf)</subfield>
  </datafield>
</record>